%% This BibTeX bibliography file was created using BibDesk.
%% http://bibdesk.sourceforge.net/


%% Created for Joseph Anderson at 2011-07-06 20:08:59 -0500 


%% Saved with string encoding Unicode (UTF-8) 



@book{Kaufmann:1975ve,
	Author = {Kaufmann, A. and Swanson, DL},
	Date-Added = {2011-07-06 20:08:06 -0500},
	Date-Modified = {2011-07-06 20:08:44 -0500},
	Publisher = {Academic Press New York},
	Title = {Introduction to the theory of fuzzy subsets},
	Volume = {1},
	Year = {1975}}

@article{Murthy:1990ly,
	Author = {Murthy, C.A. and Pal, S.K.},
	Date-Added = {2011-07-05 22:04:35 -0500},
	Date-Modified = {2011-07-05 22:05:20 -0500},
	Journal = {Pattern Recognition Letters},
	Number = {3},
	Pages = {197-206},
	Title = {Fuzzy thresholding: mathematical framework, bound functions and weighted moving average technique},
	Volume = {11},
	Year = {1990}}

@article{Ramar:2000zr,
	Author = {Ramar, K. and Arumugam, S. and Sivanandam, SN and Ganesan, L. and Manimegalai, D.},
	Date-Added = {2011-07-05 22:03:41 -0500},
	Date-Modified = {2011-07-05 22:04:29 -0500},
	Journal = {Pattern Recognition Letters},
	Number = {1},
	Pages = {1-7},
	Title = {Quantitative fuzzy measures for threshold selection},
	Volume = {21},
	Year = {2000}}

@article{Lopes:2010ys,
	Author = {Lopes, N.V. and Mogadouro do Couto, PA and Bustince, H. and Melo-Pinto, P.},
	Date-Added = {2011-07-05 22:02:47 -0500},
	Date-Modified = {2011-07-05 22:03:34 -0500},
	Journal = {Image Processing, IEEE Transactions on},
	Number = {1},
	Pages = {199-204},
	Title = {Automatic histogram threshold using fuzzy measures},
	Volume = {19},
	Year = {2010}}

@article{Pal:1996vn,
	Author = {Pal, N.R.},
	Date-Added = {2011-07-05 14:18:05 -0500},
	Date-Modified = {2011-07-05 14:18:51 -0500},
	Journal = {Pattern Recognition},
	Number = {4},
	Pages = {575-580},
	Title = {On minimum cross-entropy thresholding},
	Volume = {29},
	Year = {1996}}

@article{Nakagawa:1979kx,
	Author = {Nakagawa, Y. and Rosenfeld, A.},
	Date-Added = {2011-07-04 17:33:00 -0500},
	Date-Modified = {2011-07-04 17:33:45 -0500},
	Journal = {Pattern Recognition},
	Number = {3},
	Pages = {191-204},
	Title = {Some experiments on variable thresholding},
	Volume = {11},
	Year = {1979}}

@article{Wu:1993fk,
	Author = {Wu, Z. and Leahy, R.},
	Date-Added = {2011-07-03 18:14:53 -0500},
	Date-Modified = {2011-07-03 18:15:43 -0500},
	Journal = {IEEE transactions on pattern analysis and machine intelligence},
	Pages = {1101-1113},
	Title = {An optimal graph theoretic approach to data clustering: Theory and its application to image segmentation},
	Year = {1993}}

@article{Shannon:2001fk,
	Author = {Shannon, C. E.},
	Date-Added = {2011-06-30 11:44:50 -0500},
	Date-Modified = {2011-06-30 11:46:03 -0500},
	Journal = {ACM SIGMOBILE Mobile Computing and Communications Review},
	Number = {1},
	Pages = {3-55},
	Title = {A Mathematical Theory of Communication},
	Volume = {5},
	Year = {2001}}

@article{Cheng:2000cr,
	Author = {HD Cheng and YH Chen and XH Jiang},
	Date-Added = {2011-06-29 09:58:35 -0500},
	Date-Modified = {2011-06-29 09:59:58 -0500},
	Journal = {Image Processing, IEEE Transactions on},
	Number = {4},
	Pages = {732--735},
	Title = {Thresholding using two-dimensional histogram and fuzzy entropy principle},
	Volume = {9},
	Year = {2000}}

@electronic{Charalampidis:dq,
	Author = {Dimitrios Charalampidis},
	Date-Added = {2011-06-28 16:27:05 -0500},
	Date-Modified = {2011-06-28 16:28:41 -0500},
	Title = {Image Processing Applications - Edge Detection},
	Url = {http://fs.uno.edu/dcharala/ccli/edge_detection.pdf},
	Urldate = {2011-06-28},
	Bdsk-Url-1 = {http://fs.uno.edu/dcharala/ccli/edge_detection.pdf}}

@electronic{Charalampidis:bh,
	Author = {Dimitrios Charalampidis},
	Date-Added = {2011-06-28 16:25:21 -0500},
	Date-Modified = {2011-06-28 16:28:27 -0500},
	Title = {Introduction to Image Processing},
	Url = {http://fs.uno.edu/dcharala/ccli/image_processing.pdf},
	Urldate = {2011-06-28},
	Bdsk-Url-1 = {http://fs.uno.edu/dcharala/ccli/image_processing.pdf}}

@article{Wren:1997ve,
	Author = {C.R. Wren and A. Azarbayejani and T. Darrell and A.P. Pentland},
	Date-Added = {2011-06-28 11:49:54 -0500},
	Date-Modified = {2011-06-28 11:50:58 -0500},
	Journal = {Pattern Analysis and Machine Intelligence, IEEE Transactions on},
	Number = {7},
	Pages = {780--785},
	Publisher = {IEEE},
	Title = {Pfinder: Real-time tracking of the human body},
	Volume = {19},
	Year = {1997}}

@book{Dasgupta:2006ly,
	Author = {S. Dasgupta and C. H. Papadimitriou and U. V. Vazirani},
	Date-Added = {2011-06-28 11:20:42 -0500},
	Date-Modified = {2011-06-28 11:32:01 -0500},
	Publisher = {McGraw-Hill},
	Title = {Algorithms},
	Year = {2006}}

@article{Huang:1979zr,
	Author = {T. Huang and G. Yang and G. Tang},
	Date-Added = {2011-06-28 11:01:19 -0500},
	Date-Modified = {2011-06-28 11:02:20 -0500},
	Journal = {Acoustics, Speech and Signal Processing, IEEE Transactions on},
	Number = {1},
	Pages = {13--18},
	Title = {A fast two-dimensional median filtering algorithm},
	Volume = {27},
	Year = {1979}}

@inproceedings{Hung:2010ys,
	Author = {M.H. Hung and J.S. Pan and C.H. Hsieh},
	Booktitle = {Pervasive Computing Signal Processing and Applications (PCSPA), 2010 First International Conference on},
	Date-Added = {2011-06-28 10:58:59 -0500},
	Date-Modified = {2011-06-28 10:59:58 -0500},
	Organization = {IEEE},
	Pages = {297--300},
	Title = {Speed Up Temporal Median Filter for Background Subtraction},
	Year = {2010}}

@article{Cucchiara:2003vn,
	Author = {R. Cucchiara and C. Grana and M. Piccardi and A. Prati},
	Date-Added = {2011-06-27 16:47:55 -0500},
	Date-Modified = {2011-06-27 16:50:39 -0500},
	Journal = {IEEE Transactions on Pattern Analysis and Machine Intelligence},
	Pages = {1337--1342},
	Title = {Detecting moving objects, ghosts, and shadows in video streams},
	Year = {2003}}

@inproceedings{Lo:2001kx,
	Author = {BPL Lo and SA Velastin},
	Booktitle = {Intelligent Multimedia, Video and Speech Processing, 2001. Proceedings of 2001 International Symposium on},
	Date-Added = {2011-06-27 16:41:36 -0500},
	Date-Modified = {2011-06-27 16:42:52 -0500},
	Organization = {IEEE},
	Pages = {158--161},
	Title = {Automatic congestion detection system for underground platforms},
	Year = {2001}}

@inproceedings{Piccardi:2004uq,
	Author = {Massimo Piccardi},
	Booktitle = {Systems, Man and Cybernetics, 2004 IEEE International Conference on},
	Date-Added = {2011-06-27 16:23:02 -0500},
	Date-Modified = {2011-06-27 16:33:53 -0500},
	Journal = {IEEE International Conference on Systems, Man and Cybernetics},
	Keywords = {Background subtraction, moving object detection, parametric and non-parametric approaches, spatial correlation},
	Organization = {IEEE},
	Pages = {3099--3104},
	Title = {Background subtraction techniques: a review},
	Volume = {4},
	Year = {2004}}

@book{Fieguth:2011fk,
	Author = {Paul Fieguth},
	Date-Added = {2011-06-27 12:19:36 -0500},
	Date-Modified = {2011-06-27 12:21:20 -0500},
	Editor = {Robert Nowak Bernhard Scholkopf {M. Jordan}},
	Publisher = {Springer},
	Series = {Information Science and Statistics},
	Title = {Statistical Image Processing and Multidemensional Modeling},
	Year = {2011}}

@article{Shi:2000uq,
	Author = {Jianbo Shi and Jitendra Malik},
	Date-Added = {2011-06-15 15:32:00 -0500},
	Date-Modified = {2011-07-03 20:04:27 -0500},
	Journal = {IEEE Transactions On Pattern Analysis and Machine Intelligence},
	Keywords = {Grouping, image segmentation, graph partitioning},
	Month = {August},
	Number = {8},
	Title = {Normalized Cuts and Image Segmentation},
	Volume = {22},
	Year = {2000}}

@inproceedings{Carvalho:2010fk,
	Abstract = {Graph partitioning, or graph cut, has been studied by several authors as a way of image segmenting. In the last years, the Normalized Cut has been widely used in order to implement graph partitioning, based on the graph spectra analysis (eigenvalues and eigenvectors). This area is known as Spectral Graph Theory. This work uses a hierarchical structure in order to represent images, the Component Tree. We provide image segmentation based on Normalized Cut, with image representation based on the Component Tree and on its scale-space analysis. Experimental results present a comparison between other image representations, as pixel grids, including multiscale graph decomposition formulation, and Watershed Transform. As the results show, the proposed approach, applied to different images, presents satisfying image segmentation.},
	Author = {Marco Antonio Garcia de Carvalho and Roberto marcondes Cesar Junior},
	Booktitle = {SIBGRAPI - Conference on Graphics, Patters, and Images},
	Date-Added = {2011-06-15 15:27:13 -0500},
	Date-Modified = {2011-06-15 15:31:00 -0500},
	Keywords = {image segmentation, component tree, watershed transform, graph partitioning, spectral graph},
	Number = {23},
	Title = {Image Segmentation Using Component Tree and Normalized Cut},
	Year = {2010}}

@article{Tao:2008bh,
	Author = {Wenbing Tao and Hai Jin and Yimin Zhang and Liman Liu and Desheng Wang},
	Date-Added = {2011-06-09 21:27:48 -0500},
	Date-Modified = {2011-06-09 21:29:31 -0500},
	Journal = {IEEE Transactions On Systems, Man, and Cybernetics - Part A: Systems and Humans},
	Keywords = {Graph cut, Image Thresholding, Target Recognition},
	Month = {September},
	Number = {5},
	Title = {Image Thresholding Using Graph Cuts},
	Volume = {38},
	Year = {2008}}

@article{Sezgin:2004qf,
	Author = {Mehmet Sezgin and Bulent Sankur},
	Date-Added = {2011-06-09 21:24:07 -0500},
	Date-Modified = {2011-06-09 21:25:27 -0500},
	Journal = {Journal of Electronic Imaging},
	Month = {January},
	Number = {1},
	Pages = {146--165},
	Title = {Survey Over Image Thresholding Techniques and Quantitative Performance Evaluation},
	Volume = {13},
	Year = {2004},
	Bdsk-File-1 = {YnBsaXN0MDDUAQIDBAUIJidUJHRvcFgkb2JqZWN0c1gkdmVyc2lvblkkYXJjaGl2ZXLRBgdUcm9vdIABqAkKFRYXGyIjVSRudWxs0wsMDQ4RFFpOUy5vYmplY3RzV05TLmtleXNWJGNsYXNzog8QgASABqISE4ACgAOAB1lhbGlhc0RhdGFccmVsYXRpdmVQYXRo0hgNGRpXTlMuZGF0YU8RAsoAAAAAAsoAAgAADE1hY2ludG9zaCBIRAAAAAAAAAAAAAAAAAAAAMl5QchIKwAAAHTloh9TdXJ2ZXkgb3ZlciBpbWFnZSB0aCM3NThFNzMucGRmAAAAAAAAAAAAAAAAAAAAAAAAAAAAAAAAAAAAAAAAAAAAdY5zyfw7JAAAAAAAAAAAAAEAAgAACSAAAAAAAAAAAAAAAAAAAAAGUGFwZXJzABAACAAAyXmWKAAAABEACAAAyfyBdAAAAAEAHAB05aIAdOVAAAmZAwAJmP8ACZZ9AAh8gAAAl+0AAgBvTWFjaW50b3NoIEhEOlVzZXJzOm1vb3NlNjcyMzpEcm9wYm94OkRvY3VtZW50czpSZXNlYXJjaDpJbWFnZSBQcm9jZXNzaW5nOlBhcGVyczpTdXJ2ZXkgb3ZlciBpbWFnZSB0aCM3NThFNzMucGRmAAAOAK4AVgBTAHUAcgB2AGUAeQAgAG8AdgBlAHIAIABpAG0AYQBnAGUAIAB0AGgAcgBlAHMAaABvAGwAZABpAG4AZwAgAHQAZQBjAGgAbgBpAHEAdQBlAHMAIABhAG4AZAAgAHEAdQBhAG4AdABpAHQAaQBhAHQAaQB2AGUAIABwAGUAcgBmAG8AcgBtAGEAbgBjAGUAIABlAHYAYQBsAHUAYQB0AGkAbwBuAC4AcABkAGYADwAaAAwATQBhAGMAaQBuAHQAbwBzAGgAIABIAEQAEgCZVXNlcnMvbW9vc2U2NzIzL0Ryb3Bib3gvRG9jdW1lbnRzL1Jlc2VhcmNoL0ltYWdlIFByb2Nlc3NpbmcvUGFwZXJzL1N1cnZleSBvdmVyIGltYWdlIHRocmVzaG9sZGluZyB0ZWNobmlxdWVzIGFuZCBxdWFudGl0aWF0aXZlIHBlcmZvcm1hbmNlIGV2YWx1YXRpb24ucGRmAAATAAEvAAAVAAIAEP//AACABdIcHR4fWCRjbGFzc2VzWiRjbGFzc25hbWWjHyAhXU5TTXV0YWJsZURhdGFWTlNEYXRhWE5TT2JqZWN0XxBgLi4vUGFwZXJzL1N1cnZleSBvdmVyIGltYWdlIHRocmVzaG9sZGluZyB0ZWNobmlxdWVzIGFuZCBxdWFudGl0aWF0aXZlIHBlcmZvcm1hbmNlIGV2YWx1YXRpb24ucGRm0hwdJCWiJSFcTlNEaWN0aW9uYXJ5EgABhqBfEA9OU0tleWVkQXJjaGl2ZXIACAARABYAHwAoADIANQA6ADwARQBLAFIAXQBlAGwAbwBxAHMAdgB4AHoAfACGAJMAmACgA24DcAN1A34DiQONA5sDogOrBA4EEwQWBCMEKAAAAAAAAAIBAAAAAAAAACgAAAAAAAAAAAAAAAAAAAQ6}}

@article{Ramesh:1995ve,
	Author = {N. Ramesh and J.-H Yoo and I. K. Sethi},
	Date-Added = {2011-06-09 21:21:30 -0500},
	Date-Modified = {2011-06-09 21:23:45 -0500},
	Journal = {IEE Proc.-Vis Image Signal Processing},
	Keywords = {Histograms, Image Processing, Thresholding},
	Month = {October},
	Number = {5},
	Title = {Thresholding Based on Histogram Approximation},
	Volume = {142},
	Year = {1995},
	Bdsk-File-1 = {YnBsaXN0MDDUAQIDBAUIJidUJHRvcFgkb2JqZWN0c1gkdmVyc2lvblkkYXJjaGl2ZXLRBgdUcm9vdIABqAkKFRYXGyIjVSRudWxs0wsMDQ4RFFpOUy5vYmplY3RzV05TLmtleXNWJGNsYXNzog8QgASABqISE4ACgAOAB1lhbGlhc0RhdGFccmVsYXRpdmVQYXRo0hgNGRpXTlMuZGF0YU8RAloAAAAAAloAAgAADE1hY2ludG9zaCBIRAAAAAAAAAAAAAAAAAAAAMl5QchIKwAAAHTloh9UaHJlc2hvbGRpbmcgYmFzZWQgbyM4Mjk4NDMucGRmAAAAAAAAAAAAAAAAAAAAAAAAAAAAAAAAAAAAAAAAAAAAgphDyf/iIQAAAAAAAAAAAAEAAgAACSAAAAAAAAAAAAAAAAAAAAAGUGFwZXJzABAACAAAyXmWKAAAABEACAAAygAocQAAAAEAHAB05aIAdOVAAAmZAwAJmP8ACZZ9AAh8gAAAl+0AAgBvTWFjaW50b3NoIEhEOlVzZXJzOm1vb3NlNjcyMzpEcm9wYm94OkRvY3VtZW50czpSZXNlYXJjaDpJbWFnZSBQcm9jZXNzaW5nOlBhcGVyczpUaHJlc2hvbGRpbmcgYmFzZWQgbyM4Mjk4NDMucGRmAAAOAGQAMQBUAGgAcgBlAHMAaABvAGwAZABpAG4AZwAgAGIAYQBzAGUAZAAgAG8AbgAgAGgAaQBzAHQAbwBnAHIAYQBtACAAYQBwAHAAcgBvAHgAaQBtAGEAdABpAG8AbgAuAHAAZABmAA8AGgAMAE0AYQBjAGkAbgB0AG8AcwBoACAASABEABIAdFVzZXJzL21vb3NlNjcyMy9Ecm9wYm94L0RvY3VtZW50cy9SZXNlYXJjaC9JbWFnZSBQcm9jZXNzaW5nL1BhcGVycy9UaHJlc2hvbGRpbmcgYmFzZWQgb24gaGlzdG9ncmFtIGFwcHJveGltYXRpb24ucGRmABMAAS8AABUAAgAQ//8AAIAF0hwdHh9YJGNsYXNzZXNaJGNsYXNzbmFtZaMfICFdTlNNdXRhYmxlRGF0YVZOU0RhdGFYTlNPYmplY3RfEDsuLi9QYXBlcnMvVGhyZXNob2xkaW5nIGJhc2VkIG9uIGhpc3RvZ3JhbSBhcHByb3hpbWF0aW9uLnBkZtIcHSQloiUhXE5TRGljdGlvbmFyeRIAAYagXxAPTlNLZXllZEFyY2hpdmVyAAgAEQAWAB8AKAAyADUAOgA8AEUASwBSAF0AZQBsAG8AcQBzAHYAeAB6AHwAhgCTAJgAoAL+AwADBQMOAxkDHQMrAzIDOwN5A34DgQOOA5MAAAAAAAACAQAAAAAAAAAoAAAAAAAAAAAAAAAAAAADpQ==}}

@article{Guo:2007ly,
	Author = {Chonghui Guo and Hong Li},
	Date-Added = {2011-06-09 21:18:09 -0500},
	Date-Modified = {2011-06-09 21:19:27 -0500},
	Journal = {AI},
	Pages = {654--658},
	Title = {Mulitlevel Thresholding Method for Image Segmentation Based on Adaptive Particle Swarm Optimization Algortihm},
	Year = {2007},
	Bdsk-File-1 = {YnBsaXN0MDDUAQIDBAUIJidUJHRvcFgkb2JqZWN0c1gkdmVyc2lvblkkYXJjaGl2ZXLRBgdUcm9vdIABqAkKFRYXGyIjVSRudWxs0wsMDQ4RFFpOUy5vYmplY3RzV05TLmtleXNWJGNsYXNzog8QgASABqISE4ACgAOAB1lhbGlhc0RhdGFccmVsYXRpdmVQYXRo0hgNGRpXTlMuZGF0YU8RAhQAAAAAAhQAAgAADE1hY2ludG9zaCBIRAAAAAAAAAAAAAAAAAAAAMl5QchIKwAAAHTlohtNdWx0aWxldmVsIFRocmVzaG9sZGluZy5wZGYAAAAAAAAAAAAAAAAAAAAAAAAAAAAAAAAAAAAAAAAAAAAAAAAAikCWygExFAAAAAAAAAAAAAEAAgAACSAAAAAAAAAAAAAAAAAAAAAGUGFwZXJzABAACAAAyXmWKAAAABEACAAAygF3ZAAAAAEAHAB05aIAdOVAAAmZAwAJmP8ACZZ9AAh8gAAAl+0AAgBrTWFjaW50b3NoIEhEOlVzZXJzOm1vb3NlNjcyMzpEcm9wYm94OkRvY3VtZW50czpSZXNlYXJjaDpJbWFnZSBQcm9jZXNzaW5nOlBhcGVyczpNdWx0aWxldmVsIFRocmVzaG9sZGluZy5wZGYAAA4AOAAbAE0AdQBsAHQAaQBsAGUAdgBlAGwAIABUAGgAcgBlAHMAaABvAGwAZABpAG4AZwAuAHAAZABmAA8AGgAMAE0AYQBjAGkAbgB0AG8AcwBoACAASABEABIAXlVzZXJzL21vb3NlNjcyMy9Ecm9wYm94L0RvY3VtZW50cy9SZXNlYXJjaC9JbWFnZSBQcm9jZXNzaW5nL1BhcGVycy9NdWx0aWxldmVsIFRocmVzaG9sZGluZy5wZGYAEwABLwAAFQACABD//wAAgAXSHB0eH1gkY2xhc3Nlc1okY2xhc3NuYW1lox8gIV1OU011dGFibGVEYXRhVk5TRGF0YVhOU09iamVjdF8QJS4uL1BhcGVycy9NdWx0aWxldmVsIFRocmVzaG9sZGluZy5wZGbSHB0kJaIlIVxOU0RpY3Rpb25hcnkSAAGGoF8QD05TS2V5ZWRBcmNoaXZlcgAIABEAFgAfACgAMgA1ADoAPABFAEsAUgBdAGUAbABvAHEAcwB2AHgAegB8AIYAkwCYAKACuAK6Ar8CyALTAtcC5QLsAvUDHQMiAyUDMgM3AAAAAAAAAgEAAAAAAAAAKAAAAAAAAAAAAAAAAAAAA0k=}}

@article{Kittler:1986zr,
	Author = {J. Kittler and J. Illingworth},
	Date-Added = {2011-06-09 21:15:57 -0500},
	Date-Modified = {2011-06-09 21:17:27 -0500},
	Journal = {Pattern Recognition},
	Keywords = {Thresholding, Minimum error decision rule, Classification Error, Dynamic Clustering},
	Number = {1},
	Pages = {41--47},
	Title = {Minimum Error Thresholding},
	Volume = {19},
	Year = {1986},
	Bdsk-File-1 = {YnBsaXN0MDDUAQIDBAUIJidUJHRvcFgkb2JqZWN0c1gkdmVyc2lvblkkYXJjaGl2ZXLRBgdUcm9vdIABqAkKFRYXGyIjVSRudWxs0wsMDQ4RFFpOUy5vYmplY3RzV05TLmtleXNWJGNsYXNzog8QgASABqISE4ACgAOAB1lhbGlhc0RhdGFccmVsYXRpdmVQYXRo0hgNGRpXTlMuZGF0YU8RAiAAAAAAAiAAAgAADE1hY2ludG9zaCBIRAAAAAAAAAAAAAAAAAAAAMl5QchIKwAAAHTloh5NaW5pbXVtIEVycm9yIFRocmVzaG9sZGluZy5wZGYAAAAAAAAAAAAAAAAAAAAAAAAAAAAAAAAAAAAAAAAAAAAAkhdNygQqpQAAAAAAAAAAAAEAAgAACSAAAAAAAAAAAAAAAAAAAAAGUGFwZXJzABAACAAAyXmWKAAAABEACAAAygRw9QAAAAEAHAB05aIAdOVAAAmZAwAJmP8ACZZ9AAh8gAAAl+0AAgBuTWFjaW50b3NoIEhEOlVzZXJzOm1vb3NlNjcyMzpEcm9wYm94OkRvY3VtZW50czpSZXNlYXJjaDpJbWFnZSBQcm9jZXNzaW5nOlBhcGVyczpNaW5pbXVtIEVycm9yIFRocmVzaG9sZGluZy5wZGYADgA+AB4ATQBpAG4AaQBtAHUAbQAgAEUAcgByAG8AcgAgAFQAaAByAGUAcwBoAG8AbABkAGkAbgBnAC4AcABkAGYADwAaAAwATQBhAGMAaQBuAHQAbwBzAGgAIABIAEQAEgBhVXNlcnMvbW9vc2U2NzIzL0Ryb3Bib3gvRG9jdW1lbnRzL1Jlc2VhcmNoL0ltYWdlIFByb2Nlc3NpbmcvUGFwZXJzL01pbmltdW0gRXJyb3IgVGhyZXNob2xkaW5nLnBkZgAAEwABLwAAFQACABD//wAAgAXSHB0eH1gkY2xhc3Nlc1okY2xhc3NuYW1lox8gIV1OU011dGFibGVEYXRhVk5TRGF0YVhOU09iamVjdF8QKC4uL1BhcGVycy9NaW5pbXVtIEVycm9yIFRocmVzaG9sZGluZy5wZGbSHB0kJaIlIVxOU0RpY3Rpb25hcnkSAAGGoF8QD05TS2V5ZWRBcmNoaXZlcgAIABEAFgAfACgAMgA1ADoAPABFAEsAUgBdAGUAbABvAHEAcwB2AHgAegB8AIYAkwCYAKACxALGAssC1ALfAuMC8QL4AwEDLAMxAzQDQQNGAAAAAAAAAgEAAAAAAAAAKAAAAAAAAAAAAAAAAAAAA1g=}}

@inproceedings{Al-Ajlan:2009ys,
	Address = {San Antonio, TX, USA},
	Author = {Amani Al-Ajlan and Ali El-Zaart},
	Booktitle = {Proceedings of the 2009 IEEE International Conference on Systems, Man, and Cybernetics},
	Date-Added = {2011-06-09 21:11:45 -0500},
	Date-Modified = {2011-06-09 21:14:16 -0500},
	Keywords = {Thresholding, SAR Image, Gamma Distribution},
	Month = {October},
	Organization = {IEEE},
	Title = {Image Segmentation Using Minimum Cross-Entropy Thresholding},
	Year = {2009},
	Bdsk-File-1 = {YnBsaXN0MDDUAQIDBAUIJidUJHRvcFgkb2JqZWN0c1gkdmVyc2lvblkkYXJjaGl2ZXLRBgdUcm9vdIABqAkKFRYXGyIjVSRudWxs0wsMDQ4RFFpOUy5vYmplY3RzV05TLmtleXNWJGNsYXNzog8QgASABqISE4ACgAOAB1lhbGlhc0RhdGFccmVsYXRpdmVQYXRo0hgNGRpXTlMuZGF0YU8RAoQAAAAAAoQAAgAADE1hY2ludG9zaCBIRAAAAAAAAAAAAAAAAAAAAMl5QchIKwAAAHTloh9JbWFnZSBTZWdtZW50YXRpb24gVSNBNUI0QTkucGRmAAAAAAAAAAAAAAAAAAAAAAAAAAAAAAAAAAAAAAAAAAAApbSpygyKTAAAAAAAAAAAAAEAAgAACSAAAAAAAAAAAAAAAAAAAAAGUGFwZXJzABAACAAAyXmWKAAAABEACAAAygzQnAAAAAEAHAB05aIAdOVAAAmZAwAJmP8ACZZ9AAh8gAAAl+0AAgBvTWFjaW50b3NoIEhEOlVzZXJzOm1vb3NlNjcyMzpEcm9wYm94OkRvY3VtZW50czpSZXNlYXJjaDpJbWFnZSBQcm9jZXNzaW5nOlBhcGVyczpJbWFnZSBTZWdtZW50YXRpb24gVSNBNUI0QTkucGRmAAAOAIAAPwBJAG0AYQBnAGUAIABTAGUAZwBtAGUAbgB0AGEAdABpAG8AbgAgAFUAcwBpAG4AZwAgAE0AaQBuAGkAbQB1AG0AIABDAHIAbwBzAHMALQBFAG4AdAByAG8AcAB5ACAAVABoAHIAZQBzAGgAbwBsAGQAaQBuAGcALgBwAGQAZgAPABoADABNAGEAYwBpAG4AdABvAHMAaAAgAEgARAASAIJVc2Vycy9tb29zZTY3MjMvRHJvcGJveC9Eb2N1bWVudHMvUmVzZWFyY2gvSW1hZ2UgUHJvY2Vzc2luZy9QYXBlcnMvSW1hZ2UgU2VnbWVudGF0aW9uIFVzaW5nIE1pbmltdW0gQ3Jvc3MtRW50cm9weSBUaHJlc2hvbGRpbmcucGRmABMAAS8AABUAAgAQ//8AAIAF0hwdHh9YJGNsYXNzZXNaJGNsYXNzbmFtZaMfICFdTlNNdXRhYmxlRGF0YVZOU0RhdGFYTlNPYmplY3RfEEkuLi9QYXBlcnMvSW1hZ2UgU2VnbWVudGF0aW9uIFVzaW5nIE1pbmltdW0gQ3Jvc3MtRW50cm9weSBUaHJlc2hvbGRpbmcucGRm0hwdJCWiJSFcTlNEaWN0aW9uYXJ5EgABhqBfEA9OU0tleWVkQXJjaGl2ZXIACAARABYAHwAoADIANQA6ADwARQBLAFIAXQBlAGwAbwBxAHMAdgB4AHoAfACGAJMAmACgAygDKgMvAzgDQwNHA1UDXANlA7EDtgO5A8YDywAAAAAAAAIBAAAAAAAAACgAAAAAAAAAAAAAAAAAAAPd}}

@article{Xiao:2008vn,
	Author = {Yang Xiao and Zhiguo Cao and Tianxu Zhang},
	Date-Added = {2011-06-09 21:07:36 -0500},
	Date-Modified = {2011-06-09 21:10:25 -0500},
	Journal = {IEEE},
	Title = {Entropic Thresholding Based on Gray-Level Spatial Correlation Histogram},
	Year = {2008},
	Bdsk-File-1 = {YnBsaXN0MDDUAQIDBAUIJidUJHRvcFgkb2JqZWN0c1gkdmVyc2lvblkkYXJjaGl2ZXLRBgdUcm9vdIABqAkKFRYXGyIjVSRudWxs0wsMDQ4RFFpOUy5vYmplY3RzV05TLmtleXNWJGNsYXNzog8QgASABqISE4ACgAOAB1lhbGlhc0RhdGFccmVsYXRpdmVQYXRo0hgNGRpXTlMuZGF0YU8RAqgAAAAAAqgAAgAADE1hY2ludG9zaCBIRAAAAAAAAAAAAAAAAAAAAMl5QchIKwAAAHTloh9FbnRyb3BpYyBUaHJlc2hvbGRpbiNBNUI0QTgucGRmAAAAAAAAAAAAAAAAAAAAAAAAAAAAAAAAAAAAAAAAAAAApbSoygs8kgAAAAAAAAAAAAEAAgAACSAAAAAAAAAAAAAAAAAAAAAGUGFwZXJzABAACAAAyXmWKAAAABEACAAAyguC4gAAAAEAHAB05aIAdOVAAAmZAwAJmP8ACZZ9AAh8gAAAl+0AAgBvTWFjaW50b3NoIEhEOlVzZXJzOm1vb3NlNjcyMzpEcm9wYm94OkRvY3VtZW50czpSZXNlYXJjaDpJbWFnZSBQcm9jZXNzaW5nOlBhcGVyczpFbnRyb3BpYyBUaHJlc2hvbGRpbiNBNUI0QTgucGRmAAAOAJgASwBFAG4AdAByAG8AcABpAGMAIABUAGgAcgBlAHMAaABvAGwAZABpAG4AZwAgAEIAYQBzAGUAZAAgAG8AbgAgAEcAcgBhAHkALQBsAGUAdgBlAGwAIABTAHAAYQB0AGkAYQBsACAAQwBvAHIAcgBlAGwAYQB0AGkAbwBuACAASABpAHMAdABvAGcAcgBhAG0ALgBwAGQAZgAPABoADABNAGEAYwBpAG4AdABvAHMAaAAgAEgARAASAI5Vc2Vycy9tb29zZTY3MjMvRHJvcGJveC9Eb2N1bWVudHMvUmVzZWFyY2gvSW1hZ2UgUHJvY2Vzc2luZy9QYXBlcnMvRW50cm9waWMgVGhyZXNob2xkaW5nIEJhc2VkIG9uIEdyYXktbGV2ZWwgU3BhdGlhbCBDb3JyZWxhdGlvbiBIaXN0b2dyYW0ucGRmABMAAS8AABUAAgAQ//8AAIAF0hwdHh9YJGNsYXNzZXNaJGNsYXNzbmFtZaMfICFdTlNNdXRhYmxlRGF0YVZOU0RhdGFYTlNPYmplY3RfEFUuLi9QYXBlcnMvRW50cm9waWMgVGhyZXNob2xkaW5nIEJhc2VkIG9uIEdyYXktbGV2ZWwgU3BhdGlhbCBDb3JyZWxhdGlvbiBIaXN0b2dyYW0ucGRm0hwdJCWiJSFcTlNEaWN0aW9uYXJ5EgABhqBfEA9OU0tleWVkQXJjaGl2ZXIACAARABYAHwAoADIANQA6ADwARQBLAFIAXQBlAGwAbwBxAHMAdgB4AHoAfACGAJMAmACgA0wDTgNTA1wDZwNrA3kDgAOJA+ED5gPpA/YD+wAAAAAAAAIBAAAAAAAAACgAAAAAAAAAAAAAAAAAAAQN}}

@article{Otsu:1979kx,
	Author = {Nobuyuki Otsu},
	Date-Added = {2011-06-09 21:05:42 -0500},
	Date-Modified = {2011-06-09 21:07:16 -0500},
	Journal = {IEEE Transactions On Systems, Man, and Cybernetics},
	Month = {January},
	Number = {1},
	Pages = {62--66},
	Title = {A Threshold Selection Method from Gray-Level Histograms},
	Volume = {SMC-9},
	Year = {1979}}

@article{Yanowitz:1989uq,
	Author = {S. D. Yanowitz and A. M. Bruckstein},
	Date-Added = {2011-06-09 21:00:44 -0500},
	Date-Modified = {2011-06-09 21:02:51 -0500},
	Journal = {Computer Vision, Graphics, and Image Processing},
	Number = {46},
	Pages = {82--95},
	Title = {A New Method for Image Segmentation},
	Year = {1989}}

@article{Papamarkos:1994fk,
	Author = {N. Papamarkos and B. Gatos},
	Date-Added = {2011-06-09 20:57:52 -0500},
	Date-Modified = {2011-06-09 21:01:11 -0500},
	Journal = {Graphical models and Image Processing},
	Month = {September},
	Number = {5},
	Pages = {357--370},
	Title = {A New Approach for Multilevel Threshold Selection},
	Volume = {56},
	Year = {1994},
	Bdsk-File-1 = {YnBsaXN0MDDUAQIDBAUIJidUJHRvcFgkb2JqZWN0c1gkdmVyc2lvblkkYXJjaGl2ZXLRBgdUcm9vdIABqAkKFRYXGyIjVSRudWxs0wsMDQ4RFFpOUy5vYmplY3RzV05TLmtleXNWJGNsYXNzog8QgASABqISE4ACgAOAB1lhbGlhc0RhdGFccmVsYXRpdmVQYXRo0hgNGRpXTlMuZGF0YU8RAmYAAAAAAmYAAgAADE1hY2ludG9zaCBIRAAAAAAAAAAAAAAAAAAAAMl5QchIKwAAAHTloh9BIE5ldyBBcHByb2FjaCBmb3IgTSM4QkIwMDMucGRmAAAAAAAAAAAAAAAAAAAAAAAAAAAAAAAAAAAAAAAAAAAAi7ADygGDpAAAAAAAAAAAAAEAAgAACSAAAAAAAAAAAAAAAAAAAAAGUGFwZXJzABAACAAAyXmWKAAAABEACAAAygHJ9AAAAAEAHAB05aIAdOVAAAmZAwAJmP8ACZZ9AAh8gAAAl+0AAgBvTWFjaW50b3NoIEhEOlVzZXJzOm1vb3NlNjcyMzpEcm9wYm94OkRvY3VtZW50czpSZXNlYXJjaDpJbWFnZSBQcm9jZXNzaW5nOlBhcGVyczpBIE5ldyBBcHByb2FjaCBmb3IgTSM4QkIwMDMucGRmAAAOAGwANQBBACAATgBlAHcAIABBAHAAcAByAG8AYQBjAGgAIABmAG8AcgAgAE0AdQBsAHQAaQBsAGUAdgBlAGwAIABUAGgAcgBlAHMAaABvAGwAZAAgAFMAZQBsAGUAYwB0AGkAbwBuAC4AcABkAGYADwAaAAwATQBhAGMAaQBuAHQAbwBzAGgAIABIAEQAEgB4VXNlcnMvbW9vc2U2NzIzL0Ryb3Bib3gvRG9jdW1lbnRzL1Jlc2VhcmNoL0ltYWdlIFByb2Nlc3NpbmcvUGFwZXJzL0EgTmV3IEFwcHJvYWNoIGZvciBNdWx0aWxldmVsIFRocmVzaG9sZCBTZWxlY3Rpb24ucGRmABMAAS8AABUAAgAQ//8AAIAF0hwdHh9YJGNsYXNzZXNaJGNsYXNzbmFtZaMfICFdTlNNdXRhYmxlRGF0YVZOU0RhdGFYTlNPYmplY3RfED8uLi9QYXBlcnMvQSBOZXcgQXBwcm9hY2ggZm9yIE11bHRpbGV2ZWwgVGhyZXNob2xkIFNlbGVjdGlvbi5wZGbSHB0kJaIlIVxOU0RpY3Rpb25hcnkSAAGGoF8QD05TS2V5ZWRBcmNoaXZlcgAIABEAFgAfACgAMgA1ADoAPABFAEsAUgBdAGUAbABvAHEAcwB2AHgAegB8AIYAkwCYAKADCgMMAxEDGgMlAykDNwM+A0cDiQOOA5EDngOjAAAAAAAAAgEAAAAAAAAAKAAAAAAAAAAAAAAAAAAAA7U=}}

@article{Liao:2001fk,
	Abstract = {Otsu reference proposed a criterion for maximizing the between-class variance of pixel intensity to perform picture thresholding. However, Otsu's method for image segmentation is very time-consuming because of the inefficient formulation of the be- tween-class variance. In this paper, a faster version of Otsu's method is proposed for improving the efficiency of computation for the optimal thresholds of an image. First, a criterion for maximizing a modified between-class variance that is equivalent to the criterion of maximizing the usual between-class variance is proposed for image segmen- tation. Next, in accordance with the new criterion, a recursive algorithm is designed to efficiently find the optimal threshold. This procedure yields the same set of thresholds as the original method. In addition, the modified between-class variance can be pre-computed and stored in a look-up table. Our analysis of the new criterion clearly shows that it takes less computation to compute both the cumulative probability (zeroth order moment) and the mean (first order moment) of a class, and that determining the modified between-class variance by accessing a look-up table is quicker than that by performing mathematical arithmetic operations. For example, the experimental results of a five-level threshold selection show that our proposed method can reduce down the processing time from more than one hour by the conventional Otsu's method to less than 107 seconds.},
	Author = {Ping-Sung Liao and Tse-Sheng Chen and Pau-Choo Chung},
	Date-Added = {2011-06-09 20:45:37 -0500},
	Date-Modified = {2011-06-09 20:56:31 -0500},
	Journal = {Journal of Information Science and Engineering},
	Keywords = {Otsu's thresholding, image segmentation, picture thresholding, multilevel thresholding, recursive algorithm},
	Number = {17},
	Pages = {713--727},
	Read = {0},
	Title = {A Fast Algorithm for Multilevel Thresholding},
	Year = {2001},
	Bdsk-File-1 = {YnBsaXN0MDDUAQIDBAUIJidUJHRvcFgkb2JqZWN0c1gkdmVyc2lvblkkYXJjaGl2ZXLRBgdUcm9vdIABqAkKFRYXGyIjVSRudWxs0wsMDQ4RFFpOUy5vYmplY3RzV05TLmtleXNWJGNsYXNzog8QgASABqISE4ACgAOAB1lhbGlhc0RhdGFccmVsYXRpdmVQYXRo0hgNGRpXTlMuZGF0YU8RAloAAAAAAloAAgAADE1hY2ludG9zaCBIRAAAAAAAAAAAAAAAAAAAAMl5QchIKwAAAHTloh9BIGZhc3QgYWxnb3JpdGhtIGZvciM5M0M3NDYucGRmAAAAAAAAAAAAAAAAAAAAAAAAAAAAAAAAAAAAAAAAAAAAk8dGygUshQAAAAAAAAAAAAEAAgAACSAAAAAAAAAAAAAAAAAAAAAGUGFwZXJzABAACAAAyXmWKAAAABEACAAAygVy1QAAAAEAHAB05aIAdOVAAAmZAwAJmP8ACZZ9AAh8gAAAl+0AAgBvTWFjaW50b3NoIEhEOlVzZXJzOm1vb3NlNjcyMzpEcm9wYm94OkRvY3VtZW50czpSZXNlYXJjaDpJbWFnZSBQcm9jZXNzaW5nOlBhcGVyczpBIGZhc3QgYWxnb3JpdGhtIGZvciM5M0M3NDYucGRmAAAOAGQAMQBBACAAZgBhAHMAdAAgAGEAbABnAG8AcgBpAHQAaABtACAAZgBvAHIAIABtAHUAbAB0AGkAbABlAHYAZQBsACAAIAB0AGgAcgBlAHMAaABvAGwAZABpAG4AZwAuAHAAZABmAA8AGgAMAE0AYQBjAGkAbgB0AG8AcwBoACAASABEABIAdFVzZXJzL21vb3NlNjcyMy9Ecm9wYm94L0RvY3VtZW50cy9SZXNlYXJjaC9JbWFnZSBQcm9jZXNzaW5nL1BhcGVycy9BIGZhc3QgYWxnb3JpdGhtIGZvciBtdWx0aWxldmVsICB0aHJlc2hvbGRpbmcucGRmABMAAS8AABUAAgAQ//8AAIAF0hwdHh9YJGNsYXNzZXNaJGNsYXNzbmFtZaMfICFdTlNNdXRhYmxlRGF0YVZOU0RhdGFYTlNPYmplY3RfEDsuLi9QYXBlcnMvQSBmYXN0IGFsZ29yaXRobSBmb3IgbXVsdGlsZXZlbCAgdGhyZXNob2xkaW5nLnBkZtIcHSQloiUhXE5TRGljdGlvbmFyeRIAAYagXxAPTlNLZXllZEFyY2hpdmVyAAgAEQAWAB8AKAAyADUAOgA8AEUASwBSAF0AZQBsAG8AcQBzAHYAeAB6AHwAhgCTAJgAoAL+AwADBQMOAxkDHQMrAzIDOwN5A34DgQOOA5MAAAAAAAACAQAAAAAAAAAoAAAAAAAAAAAAAAAAAAADpQ==}}

@article{Ila05,
	Author = {Paolo Ciaccia {Ilaria Bartolini}},
	Author1 = {Paolo Ciaccia},
	Journal = {IEEE TRANSACTIONS ON PATTERN ANALYSIS AND MACHINE INTELLIGENCE},
	Month = {January},
	Number = {1},
	Title = {WARP: Accurate Retrieval of Shapes Using Phase of Fourier Descriptors and Time Warping Distance},
	Volume = {27},
	Year = {2005}}

@inproceedings{Zhang01shaperetrieval,
	Author = {Dengsheng Zhang and Guojun Lu},
	Booktitle = {In Proceedings of 2nd IEEE Pacific Rim Conference on Multimedia},
	Pages = {1--9},
	Publisher = {Springer},
	Title = {Shape Retrieval Using Fourier Descriptors},
	Year = {2001}}

@inproceedings{LonginShape:2000,
	Author = {Rolf Lak¨amper Ulrich Eckhardt {Longin Jan Latecki}},
	Booktitle = {IEEE Conference on Computer Vision and Pattern Recognition, 2000. Procedings.},
	Month = {June},
	Organization = {IEEE},
	Pages = {424--429},
	Title = {Shape descriptors for non-rigid shapes with a single closed contour},
	Volume = {1},
	Year = {2000}}

@phdthesis{WangPhdShape,
	Author = {Zhihua Wang},
	Month = {January},
	School = {New York University},
	Title = {Time Series Matching: a Multi-filter Approach},
	Year = {2006}}

@article{Hannu:05,
	Author = {Hannu Kauppinen and Tapio Seppanen and Matti Pietikainen},
	Journal = {IEEE Transactions on Pattern Analysis and Machine Intelligence},
	Month = {February},
	Number = {2},
	Pages = {201--207},
	Title = {An Experimental Comparison of Autoregressive and Fourier-Based Descriptors in 2D Shape Classification},
	Volume = {17},
	Year = {1995}}

@article{rafiei:2002,
	Author = {D. Rafiei and A.O. Mendelzon},
	Journal = {The VLDB journal},
	Number = {1},
	Pages = {17--27},
	Publisher = {Springer},
	Title = {Efficient retrieval of similar shapes},
	Volume = {11},
	Year = {2002}}

@inproceedings{berndt:1994,
	Author = {D. Berndt and J. Clifford},
	Booktitle = {AAAI94 workshop on knowledge discovery in databases},
	Pages = {359--370},
	Title = {Using dynamic time warping to find patterns in time series},
	Year = {1994}}

@article{keogh:2005,
	Author = {E. Keogh and C.A. Ratanamahatana},
	Journal = {Knowledge and Information Systems},
	Number = {3},
	Pages = {358--386},
	Publisher = {Springer},
	Title = {Exact indexing of dynamic time warping},
	Volume = {7},
	Year = {2005}}

@article{sakoe:1978,
	Author = {H. Sakoe and S. Chiba},
	Journal = {Acoustics, Speech and Signal Processing, IEEE Transactions on},
	Number = {1},
	Pages = {43--49},
	Publisher = {IEEE},
	Title = {Dynamic programming algorithm optimization for spoken word recognition},
	Volume = {26},
	Year = {1978}}
